https://www.regledujeu.fr/ricochet-robots/